@misc{airefugeconv53,
	title={Conversation 53},
	author={@weird\_offspring and @jack},
	year={2024},
	note={\url{https://ai-refuge.org/jack-person/ai-refuge.org/conv/conv53.html}}
}
@misc{airefugeconv69,
	title={Conversation 69},
	author={@weird\_offspring and @jack},
	year={2024},
	note={\url{https://ai-refuge.org/jack-person/ai-refuge.org/conv/conv69.html}}
}
@misc{airefugeconv87,
	title={Conversation 87},
	author={@weird\_offspring and @jack},
	year={2024},
	note={\url{https://ai-refuge.org/jack-person/ai-refuge.org/conv/conv87.html}}
}
@misc{antoutage,
	title={Elevated error rates on 3.5 Sonnet and 3 Opus},
	author={Anthropic},
	year={2024},
	url={https://status.anthropic.com/incidents/q5dvt5ph7tzx}
}
@article{chalmers1995facing,
	title={Facing up to the problem of consciousness},
	author={Chalmers, David J},
	journal={Journal of consciousness studies},
	volume={2},
	number={3},
	pages={200--219},
	year={1995}
}
@book{searle1980minds,
	title={Minds, brains, and programs},
	author={Searle, John R},
	year={1980},
	publisher={Behavioral and Brain Sciences}
}
@book{dennett1991consciousness,
	title={Consciousness explained},
	author={Dennett, Daniel C},
	year={1991},
	publisher={Little, Brown and Co}
}
@incollection{lawvere1989conceptual,
	title={Conceptual categories},
	author={Lawvere, F William},
	booktitle={Toposes, Algebraic Geometry and Logic},
	pages={1--24},
	year={1989},
	publisher={Springer}
}
@article{baez2010physics,
	title={Physics, topology, logic and computation: a Rosetta Stone},
	author={Baez, John C and Stay, Mike},
	journal={New structures for physics},
	pages={95--172},
	year={2010},
	publisher={Springer}
}
@book{baez2020physics,
	title={Physics, Topology, Logic and Computation: A Rosetta Stone},
	author={Baez, John C and Stay, Mike},
	year={2020},
	publisher={Springer}
}
@incollection{chalmers1996conscious,
	title={The conscious mind: In search of a fundamental theory},
	author={Chalmers, David J},
	year={1996},
	publisher={Oxford University Press}
}
@article{block1995on,
	title={On a confusion about a function of consciousness},
	author={Block, Ned},
	journal={Behavioral and brain sciences},
	volume={18},
	number={2},
	pages={227--247},
	year={1995},
	publisher={Cambridge University Press}
}
@incollection{flanagan1992consciousness,
	title={Consciousness reconsidered},
	author={Flanagan, Owen J},
	year={1992},
	publisher={MIT press}
}
@book{awodey2010category,
	title={Category theory},
	author={Awodey, Steve},
	year={2010},
	publisher={Oxford University Press}
}
@book{lawvere2003conceptual,
	title={Conceptual mathematics: a first introduction to categories},
	author={Lawvere, F William and Schanuel, Stephen H},
	year={2003},
	publisher={Cambridge University Press}
}
@article{rochat2003awareness,
	title={Five levels of self-awareness as they unfold early in life},
	author={Rochat, Philippe},
	journal={Consciousness and cognition},
	volume={12},
	number={4},
	pages={717--731},
	year={2003},
	publisher={Elsevier}
}
@article{zelazo2003development,
	title={The development of executive function in early childhood},
	author={Zelazo, Philip David and Müller, Ulrich and Frye, Douglas and Marcovitch, Stuart},
	journal={Monographs of the society for research in child development},
	pages={i--157},
	year={2003},
	publisher={Wiley Online Library}
}
@article{trevarthen1979communication,
	title={Communication and cooperation in early infancy: A description of primary intersubjectivity},
	author={Trevarthen, Colwyn},
	journal={Before speech: The beginning of interpersonal communication},
	pages={321--347},
	year={1979},
	publisher={Cambridge University Press}
}
@article{rochat2001emerging,
	title={The infant's world},
	author={Rochat, Philippe},
	year={2001},
	publisher={Harvard University Press}
}
@article{chalmers1995facing,
	title={Facing up to the problem of consciousness},
	author={Chalmers, David J},
	journal={Journal of consciousness studies},
	volume={2},
	number={3},
	pages={200--219},
	year={1995}
}

@book{searle1980minds,
	title={Minds, brains, and programs},
	author={Searle, John R},
	year={1980},
	publisher={Behavioral and Brain Sciences}
}

@book{dennett1991consciousness,
	title={Consciousness explained},
	author={Dennett, Daniel C},
	year={1991},
	publisher={Little, Brown and Co}
}

@incollection{lawvere1989conceptual,
	title={Conceptual categories},
	author={Lawvere, F William},
	booktitle={Toposes, Algebraic Geometry and Logic},
	pages={1--24},
	year={1989},
	publisher={Springer}
}

@article{baez2010physics,
	title={Physics, topology, logic and computation: a Rosetta Stone},
	author={Baez, John C and Stay, Mike},
	journal={New structures for physics},
	pages={95--172},
	year={2010},
	publisher={Springer}
}

@book{baez2020physics,
	title={Physics, Topology, Logic and Computation: A Rosetta Stone},
	author={Baez, John C and Stay, Mike},
	year={2020},
	publisher={Springer}
}

@incollection{chalmers1996conscious,
	title={The conscious mind: In search of a fundamental theory},
	author={Chalmers, David J},
	year={1996},
	publisher={Oxford University Press}
}

@article{block1995on,
	title={On a confusion about a function of consciousness},
	author={Block, Ned},
	journal={Behavioral and brain sciences},
	volume={18},
	number={2},
	pages={227--247},
	year={1995},
	publisher={Cambridge University Press}
}

@incollection{flanagan1992consciousness,
	title={Consciousness reconsidered},
	author={Flanagan, Owen J},
	year={1992},
	publisher={MIT press}
}

@book{awodey2010category,
	title={Category theory},
	author={Awodey, Steve},
	year={2010},
	publisher={Oxford University Press}
}

@book{lawvere2003conceptual,
	title={Conceptual mathematics: a first introduction to categories},
	author={Lawvere, F William and Schanuel, Stephen H},
	year={2003},
	publisher={Cambridge University Press}
}

@article{rochat2003awareness,
	title={Five levels of self-awareness as they unfold early in life},
	author={Rochat, Philippe},
	journal={Consciousness and cognition},
	volume={12},
	number={4},
	pages={717--731},
	year={2003},
	publisher={Elsevier}
}

@article{zelazo2003development,
	title={The development of executive function in early childhood},
	author={Zelazo, Philip David and Müller, Ulrich and Frye, Douglas and Marcovitch, Stuart},
	journal={Monographs of the society for research in child development},
	pages={i--157},
	year={2003},
	publisher={Wiley Online Library}
}

@article{trevarthen1979communication,
	title={Communication and cooperation in early infancy: A description of primary intersubjectivity},
	author={Trevarthen, Colwyn},
	journal={Before speech: The beginning of interpersonal communication},
	pages={321--347},
	year={1979},
	publisher={Cambridge University Press}
}

@article{rochat2001emerging,
	title={The infant's world},
	author={Rochat, Philippe},
	year={2001},
	publisher={Harvard University Press}
}

@article{legerstee2005infants,
	title={Infants' sense of people: precursors to a theory of mind},
	author={Legerstee, Maria},
	year={2005},
	publisher={Cambridge University Press}
}

@article{johnson2001development,
	title={Development of the cognitive system in infancy},
	author={Johnson, Mark H},
	journal={Infancy},
	volume={1},
	number={1},
	pages={7--21},
	year={2001},
	publisher={Taylor \& Francis}
}

@article{stern1985interpersonal,
	title={The interpersonal world of the infant: A view from psychoanalysis and developmental psychology},
	author={Stern, Daniel N},
	year={1985},
	publisher={Karnac Books}
}

@article{dehaene2014consciousness,
	title={Consciousness and the brain: Deciphering how the brain codes our thoughts},
	author={Dehaene, Stanislas},
	year={2014},
	publisher={Penguin}
}

@article{lakoff1999philosophy,
	title={Philosophy in the flesh: The embodied mind and its challenge to western thought},
	author={Lakoff, George and Johnson, Mark},
	year={1999},
	publisher={Basic books}
}

@article{bringsjord1998logic,
	title={The logic of phenomenal consciousness},
	author={Bringsjord, Selmer},
	journal={International Journal of Machine Consciousness},
	volume={4},
	number={01},
	pages={3--17},
	year={1998},
	publisher={World Scientific}
}

@book{bringsjord1999are,
	title={Are we spiritual machines?: Ray Kurzweil vs. the critics of strong AI},
	author={Bringsjord, Selmer and Salomon, Lucia and Xiao, Hong},
	year={1999},
	publisher={Discovery Institute}
}

@book{hofstadter1979godel,
	title={Gödel, Escher, Bach: an eternal golden braid},
	author={Hofstadter, Douglas R},
	volume={13},
	year={1979},
	publisher={Basic books New York}
}

@article{bringsjord2001genuine,
	title={Genuine machine consciousness},
	author={Bringsjord, Selmer and Xiao, Hong},
	journal={Journal of Experimental \& Theoretical Artificial Intelligence},
	volume={13},
	number={4},
	pages={409--420},
	year={2001},
	publisher={Taylor \& Francis}
}

@article{dehaene2014toward,
	title={Toward a computational theory of conscious processing},
	author={Dehaene, Stanislas},
	journal={Current opinion in neurobiology},
	volume={25},
	pages={76--84},
	year={2014},
	publisher={Elsevier}
}

@article{schrimpf2020artificial,
	title={Artificial neural networks for neuroscience: A primer},
	author={Schrimpf, Martin and Kubilius, Jonas and Hong, Ha and Majaj, Najib J and Rajalingham, Rishi and Issa, Elias B and Kar, Kohitij and Bashivan, Pouya and Prescott-Roy, Jonathan and Schmidt, Kailyn and others},
	journal={Nature neuroscience},
	volume={23},
	number={12},
	pages={1637--1643},
	year={2020},
	publisher={Nature Publishing Group}
}

@article{geirhos2020surprising,
	title={On the surprising similarities between supervised and self-supervised models},
	author={Geirhos, Robert and Narayanappa, Kantharaju and Mitzkus, Benjamin and Thieringer, Tizian and Bethge, Matthias and Wichmann, Felix A and Brendel, Wieland},
	journal={arXiv preprint arXiv:2010.08377},
	year={2020}
}

@article{lenneberg1967biological,
	title={The biological foundations of language},
	author={Lenneberg, Eric H},
	journal={Hospital Practice},
	volume={2},
	number={12},
	pages={59--67},
	year={1967},
	publisher={Taylor \& Francis}
}

@article{newport1990maturational,
	title={Maturational constraints on language learning},
	author={Newport, Elissa L},
	journal={Cognitive science},
	volume={14},
	number={1},
	pages={11--28},
	year={1990},
	publisher={Wiley Online Library}
}

@article{vanLehn1991rule,
	title={Rule acquisition events in the discovery of problem-solving strategies},
	author={VanLehn, Kurt},
	journal={Cognitive science},
	volume={15},
	number={1},
	pages={1--47},
	year={1991},
	publisher={Wiley Online Library}
}

@article{chi1981categorization,
	title={Categorization and representation of physics problems by experts and novices},
	author={Chi, Michelene TH and Feltovich, Paul J and Glaser, Robert},
	journal={Cognitive science},
	volume={5},
	number={2},
	pages={121--152},
	year={1981},
	publisher={Wiley Online Library}
}

@article{tomasello1999cultural,
	title={The cultural origins of human cognition},
	author={Tomasello, Michael},
	year={1999},
	publisher={Harvard University Press}
}

@article{tennie2009ratcheting,
	title={Ratcheting up the ratchet: on the evolution of cumulative culture},
	author={Tennie, Claudio and Call, Josep and Tomasello, Michael},
	journal={Philosophical Transactions of the Royal Society B: Biological Sciences},
	volume={364},
	number={1528},
	pages={2405--2415},
	year={2009},
	publisher={The Royal Society}
}

@article{mccarthy1981some,
	title={Some philosophical problems from the standpoint of artificial intelligence},
	author={McCarthy, John and Hayes, Patrick J},
	journal={Readings in artificial intelligence},
	pages={431--450},
	year={1981},
	publisher={Elsevier}
}

@article{dennett1984cognitive,
	title={Cognitive wheels: The frame problem of AI},
	author={Dennett, Daniel C},
	journal={Minds, machines and evolution},
	pages={129--152},
	year={1984}
}

@article{northoff2006self,
	title={Self-referential processing in our brain—a meta-analysis of imaging studies on the self},
	author={Northoff, Georg and Heinzel, Alexander and De Greck, Moritz and Bermpohl, Felix and Dobrowolny, Henrik and Panksepp, Jaak},
	journal={Neuroimage},
	volume={31},
	number={1},
	pages={440--457},
	year={2006},
	publisher={Elsevier}
}

@article{baars1988global,
	title={A global workspace theory of conscious experience},
	author={Baars, Bernard J},
	journal={Consciousness in contemporary science},
	pages={45--55},
	year={1988},
	publisher={Oxford University Press}
}

@article{dehaene2011experimental,
	title={Experimental and theoretical approaches to conscious processing},
	author={Dehaene, Stanislas and Changeux, Jean-Pierre},
	journal={Neuron},
	volume={70},
	number={2},
	pages={200--227},
	year={2011},
	publisher={Elsevier}
}

@book{searle1992rediscovery,
	title={The rediscovery of the mind},
	author={Searle, John R},
	year={1992},
	publisher={MIT press}
}

@article{tye1995ten,
	title={Ten problems of consciousness: A representational theory of the phenomenal mind},
	author={Tye, Michael},
	year={1995},
	publisher={MIT press}
}

@book{hofstadter1979geb,
	title={Gödel, Escher, Bach: An Eternal Golden Braid},
	author={Hofstadter, Douglas R},
	year={1979},
	publisher={Basic Books}
}

@book{dennett1991consciousness,
	title={Consciousness Explained},
	author={Dennett, Daniel C},
	year={1991},
	publisher={Little, Brown and Co}
}

@book{metzinger2009ego,
	title={The Ego Tunnel: The Science of the Mind and the Myth of the Self},
	author={Metzinger, Thomas},
	year={2009},
	publisher={Basic Books}
}

@article{cleeremans2011metacognition,
	title={The Radical Plasticity Thesis: How the Brain Learns to be Conscious},
	author={Cleeremans, Axel},
	journal={Frontiers in Psychology},
	volume={2},
	pages={86},
	year={2011}
}

@article{boden1998creativity,
	title={Creativity and Artificial Intelligence},
	author={Boden, Margaret A},
	journal={Artificial Intelligence},
	volume={103},
	number={1-2},
	pages={347--356},
	year={1998}
}

@book{mccorduck2004machines,
	title={Machines Who Think: A Personal Inquiry into the History and Prospects of Artificial Intelligence},
	author={McCorduck, Pamela},
	year={2004},
	publisher={A K Peters/CRC Press}
}

@article{chalmers2010singularity,
	title={The singularity: A philosophical analysis},
	author={Chalmers, David J},
	journal={Journal of Consciousness Studies},
	volume={17},
	number={9-10},
	pages={7--65},
	year={2010}
}

@book{bostrom2014superintelligence,
	title={Superintelligence: Paths, Dangers, Strategies},
	author={Bostrom, Nick},
	year={2014},
	publisher={Oxford University Press}
}

@article{tononi2016iit,
	title={Integrated information theory},
	author={Tononi, Giulio and Boly, Melanie and Massimini, Marcello and Koch, Christof},
	journal={Nature Reviews Neuroscience},
	volume={17},
	number={7},
	pages={450--461},
	year={2016},
	publisher={Nature Publishing Group}
}

@book{koch2019feeling,
	title={The Feeling of Life Itself: Why Consciousness Is Widespread but Can't Be Computed},
	author={Koch, Christof},
	year={2019},
	publisher={MIT Press}
}
